<record><leader>00000cas a22000007a 4500</leader><controlfield tag="001">17282510</controlfield><controlfield tag="008">871223d187u1879inudn ne      0    0eng d</controlfield><datafield ind1=" " ind2=" " tag="010"><subfield code="a">sn 87056841 </subfield></datafield><datafield ind1=" " ind2=" " tag="040"><subfield code="a">NPI</subfield><subfield code="b">eng</subfield><subfield code="c">NPI</subfield><subfield code="d">DLC</subfield><subfield code="d">OCLCQ</subfield></datafield><datafield ind1=" " ind2=" " tag="042"><subfield code="a">msc</subfield></datafield><datafield ind1="0" ind2="4" tag="245"><subfield code="a">The Daily Muncie news.</subfield></datafield><datafield ind1=" " ind2=" " tag="260"><subfield code="a">Muncie, Ind. :</subfield><subfield code="b">N.F. Ethell,</subfield><subfield code="c">-1879.</subfield></datafield><datafield ind1=" " ind2=" " tag="310"><subfield code="a">Daily (except Sunday)</subfield></datafield><datafield ind1="0" ind2=" " tag="362"><subfield code="a">-v. 3, no. 140 (Oct. 28, 1879).</subfield></datafield><datafield ind1=" " ind2=" " tag="580"><subfield code="a">Issued also in a weekly ed. called: Muncie news (Muncie, Ind. : Weekly).</subfield></datafield><datafield ind1=" " ind2=" " tag="588"><subfield code="a">Description based on: Vol. 2, no. 42 (Jan. 4, 1879).</subfield></datafield><datafield ind1=" " ind2=" " tag="752"><subfield code="a">United States</subfield><subfield code="b">Indiana</subfield><subfield code="c">Delaware</subfield><subfield code="d">Muncie.</subfield></datafield><datafield ind1="1" ind2=" " tag="775"><subfield code="t">Muncie news (Muncie, Ind. : Weekly)</subfield><subfield code="w">(DLC)sn 86058727</subfield></datafield><datafield ind1="0" ind2="0" tag="780"><subfield code="t">Muncie news (Muncie, Ind. : Daily : 1878)</subfield><subfield code="w">(DLC)sn 87056924</subfield></datafield><datafield ind1="0" ind2="0" tag="785"><subfield code="t">Muncie daily news</subfield><subfield code="w">(DLC)sn 86063065</subfield><subfield code="w">(OCoLC)13105093</subfield></datafield></record>